@book{sewpr,
author = {Felleisen, Matthias and Findler, Robert},
title = {Semantics Engineering with PLT Redex},
year = {2009},
publisher = {MIT}
}

@article{popl,
author = {Felleisen, Matthias and Findler, Robert and others},
title = {Run Your Research: On the Effectiveness of Lightweight Mechanization},
year = {2012},
journal = {POPL}
}

@article{mccarthy61,
author = {McCarthy, John},
title = {A Basis for a Mathematical Theory of Computation},
year = {1961},
journal = {Western Joint Computer Conference},
}

@article{mccarthy62,
author = {McCarthy, John},
title = {Towards a Mathematical Science of Computation},
year = {1962},
journal = {IFIP-62},
}

@article{plotkin,
author = {Plotkin, Gordon},
title = {Call-by-name, Call-by-value and the Lambda-Calculus},
year = {1975},
journal = {Theoretical Computer Science},
volume = {1},
pages = {125-159}
}

@article{Landin1964TheME,
  title={The Mechanical Evaluation of Expressions},
  author={Landin, Peter},
  journal={Comput. J.},
  year={1964},
  volume={6},
  pages={308-320}
}

@book{sicp,
title = {Structure and Interpretation of Computer Programs},
author = {Abelson, Harold and Sussman, Gerald},
year = {1996},
publisher = {MIT Press}
}

@misc{amb,
title = {Amb: A Redex Tutorial},
howpublished = {\url{https://docs.racket-lang.org/redex/tutorial.html}},
note = {Accessed: March 2020},
year = {2020},
}

@misc{long,
title = {Long Tutorial},
howpublished = {\url{https://docs.racket-lang.org/redex/redex2015.html}},
note = {Accessed: March 2020},
year = {2020},
}

@misc{nondet,
title = {A Gentle Introduction to Non-determinism in Scheme},
howpublished = {\url{https://ebzzry.io/en/amb/}},
note = {Accessed: March 2020},
year = {2020},
}

@techreport{r7rs,
title = {Revised7 {R}eport on the {A}lgorithmic {L}anguage {S}cheme},
author = {Sussman, Gerald and others},
editor = {Shinn, Alex and Cowan, John and others},
year = {2013},
month = 7,
institution = {Scheme Working Group},
}