@misc{racket,
title = {Racket},
year = {2020},
howpublished = {\url{https://racket-lang.org/}},
note = {Accessed: March 2020}
}

@misc{pltgrp,
title = {The {PLT} {G}roup},
year = {2020},
howpublished = {\url{https://racket-lang.org/people.html}},
note = {Accessed: March 2020}
}

@book{htdp,
title = {How to Design Programs},
author = {Felleisen, Matthias and Findler, Bruce},
year = {2014},
publisher = {MIT Press}
}

@inproceedings{proust,
  title={Proust: A {N}ano {P}roof {A}ssistant},
  author={Ragde, Prabhakar},
  booktitle={Trends in Functional Programming in Education},
  editor = {Jeuring, Johan and McCarthy, Jay},
  publisher = {ar{X}iv/cs.PL},
  pages = {63--75},
  year={2016}
}

@misc{mltt,
title = {Intuitionistic {T}ype {T}heory},
author = {Martin-L\"{o}f, Per},
year = {1980},
howpublished = {Lectures in Padua},
note = {Notes by Giovanni Sambin},
}

@book{pmltt,
title = {Programming in Martin-L\"{o}f Type Theory},
author = {Nordstr\"{o}m, Bengt and Petersson, Kent},
publisher = {Oxford University Press},
year = {1990},
note = {Freely available at \url{http://www.cse.chalmers.se/research/group/logic/book/}}
}

@misc{hott,
title = {Homotopy {T}ype {T}heory},
author = {The {HoTT} {G}roup},
year = {2013},
howpublished = {\url{https://homotopytypetheory.org/}},
note = {Accessed March 2020}
}

@book{typer,
title = {The Little Typer},
author = {Friedman, Daniel and Christiansen, David},
year = {2018},
publisher = {MIT Press}
}


@book{collins,
author = {Collins, Jordan},
title = {A History of the Theory of Types},
year = {2012},
publisher = {Lambert Academic Publishing}
}